@article{Plummer1970,
abstract = {A family of concepts involving maximum independent sets which have been under recent study are introduced. Interrelations among the concepts are pointed out and some recent relevant work is discussed. {\textcopyright} 1970 Academic Press, Inc.},
author = {Plummer, Michael D.},
doi = {10.1016/S0021-9800(70)80011-4},
issn = {00219800},
journal = {Journal of Combinatorial Theory},
number = {1},
pages = {91--98},
title = {{Some covering concepts in graphs}},
volume = {8},
year = {1970}
}
